@book{zhang2023dive,
    title={Dive into Deep Learning},
    author={Zhang, Aston and Lipton, Zachary C. and Li, Mu and Smola, Alexander J.},
    publisher={Cambridge University Press},
    note={\url{https://d2l.ai/chapter_recurrent-neural-networks/index.html}},
    year={2023},
    chapter="9"
}

@misc{tallec2017unbiasing,
      title={Unbiasing Truncated Backpropagation Through Time}, 
      author={Corentin Tallec and Yann Ollivier},
      year={2017},
      eprint={1705.08209},
      archivePrefix={arXiv},
      primaryClass={cs.NE}
}

@misc{d2l_bptt,
  author = {},
  title = {Backpropagation Through Time},
  year = {},
  howpublished = "\url{https://d2l.ai/chapter_recurrent-neural-networks/bptt.html}",
  note = {Accessed: 2024-03-24}
}

@misc{murat_bptt,
  author = {Murat Karakaya},
  title = {Backpropagation Through Time of RNN},
  year = {2019},
  howpublished = "\url{https://mmuratarat.github.io/2019-02-07/bptt-of-rnn}",
  note = {Accessed: 2024-03-24}
}

@misc{multivariate_chain_rule,
  author = {Paul's online notes},
  title = {Chain rule},
  year = {2018},
  howpublished = "\url{https://tutorial.math.lamar.edu/classes/calciii/chainrule.aspx}",
  note = {Accessed: 2024-03-24}
}